<record><leader>00000cas a2200000 a 4500</leader><controlfield tag="001">13727994</controlfield><controlfield tag="008">860613d18781900moucr ne      0    0eng d</controlfield><datafield ind1=" " ind2=" " tag="010"><subfield code="a">sn 86063679 </subfield></datafield><datafield ind1=" " ind2=" " tag="040"><subfield code="a">KSH</subfield><subfield code="b">eng</subfield><subfield code="c">KSH</subfield><subfield code="d">NPT</subfield><subfield code="d">MQN</subfield><subfield code="d">OCL</subfield><subfield code="d">OCLCQ</subfield></datafield><datafield ind1=" " ind2=" " tag="042"><subfield code="a">msc</subfield></datafield><datafield ind1="0" ind2=" " tag="130"><subfield code="a">St. Joseph weekly gazette (Saint Joseph, Mo. : 1878)</subfield></datafield><datafield ind1="1" ind2="4" tag="245"><subfield code="a">The St. Joseph weekly gazette.</subfield></datafield><datafield ind1="3" ind2="0" tag="246"><subfield code="a">Saint Joseph weekly gazette</subfield></datafield><datafield ind1="3" ind2="0" tag="246"><subfield code="a">Weekly gazette</subfield></datafield><datafield ind1=" " ind2=" " tag="260"><subfield code="a">St. Joseph, Mo. :</subfield><subfield code="b">[s.n.],</subfield><subfield code="c">1878-1900.</subfield></datafield><datafield ind1=" " ind2=" " tag="300"><subfield code="a">v.</subfield></datafield><datafield ind1=" " ind2=" " tag="310"><subfield code="a">Semiweekly,</subfield><subfield code="b">Oct 3, 1893-Aug. 3, 1900</subfield></datafield><datafield ind1=" " ind2=" " tag="321"><subfield code="a">Weekly,</subfield><subfield code="b">July 4, 1878-Sept. 28, 1893</subfield></datafield><datafield ind1="0" ind2=" " tag="362"><subfield code="a">Vol. 34, no. 28 (July 4, 1878)-v. 56, no. 62 (Aug. 3, 1900).</subfield></datafield><datafield ind1=" " ind2=" " tag="500"><subfield code="a">Published as: Weekly gazette, Apr. 7-Dec. 15, 1881; Jan. 12-July 13, 1882: and occasionally until Dec. 1882.</subfield></datafield><datafield ind1=" " ind2=" " tag="500"><subfield code="a">Published by Gazette Pub. Co. July 22, 1878-Aug. 3, 1900.</subfield></datafield><datafield ind1=" " ind2="4" tag="651"><subfield code="a">Saint Joseph (Mo.)</subfield><subfield code="v">Newspapers.</subfield></datafield><datafield ind1=" " ind2=" " tag="752"><subfield code="a">United States</subfield><subfield code="b">Missouri</subfield><subfield code="c">Buchanan</subfield><subfield code="d">Saint Joseph.</subfield></datafield><datafield ind1="0" ind2=" " tag="775"><subfield code="t">St. Joseph daily gazette (Saint Joseph, Mo. : 1878)</subfield><subfield code="w">(DLC)sn 93059928</subfield></datafield><datafield ind1="0" ind2=" " tag="775"><subfield code="t">St. Joseph gazette (Saint Joseph, Mo. : 1891 : Daily)</subfield><subfield code="w">(DLC)sn 90061452</subfield></datafield><datafield ind1="0" ind2="0" tag="780"><subfield code="t">St. Joseph gazette-chronicle (Saint Joseph, Mo. : Weekly)</subfield><subfield code="w">(DLC)sn 86063674</subfield></datafield><datafield ind1="0" ind2="7" tag="785"><subfield code="t">St. Joseph weekly herald (Saint Joseph, Mo. : 1882)</subfield><subfield code="w">(DLC)sn 86063677</subfield></datafield><datafield ind1="0" ind2="7" tag="785"><subfield code="t">St. Joseph weekly gazette-herald</subfield><subfield code="w">(DLC)sn 86063673</subfield></datafield><datafield ind1="1" ind2=" " tag="029"><subfield code="a">AU@</subfield><subfield code="b">000025815156</subfield></datafield></record>